<record><leader>00000cas a2200000 a 4500</leader><controlfield tag="001">27255003</controlfield><controlfield tag="008">930114d189u189ucaudn ne      0    0eng c</controlfield><datafield ind1=" " ind2=" " tag="010"><subfield code="a">sn 92068444 </subfield></datafield><datafield ind1=" " ind2=" " tag="040"><subfield code="a">CUY</subfield><subfield code="b">eng</subfield><subfield code="c">CNK</subfield><subfield code="d">OCLCQ</subfield><subfield code="d">CNK</subfield><subfield code="d">OCLCQ</subfield><subfield code="d">OCLCF</subfield><subfield code="d">OCLCO</subfield></datafield><datafield ind1="1" ind2=" " tag="029"><subfield code="a">AU@</subfield><subfield code="b">000020734477</subfield></datafield><datafield ind1=" " ind2=" " tag="042"><subfield code="a">pcc</subfield></datafield><datafield ind1=" " ind2=" " tag="043"><subfield code="a">n-us-ca</subfield></datafield><datafield ind1="0" ind2="0" tag="245"><subfield code="a">Alameda daily evening encinal.</subfield></datafield><datafield ind1="3" ind2="0" tag="246"><subfield code="a">Daily evening Alameda encinal</subfield></datafield><datafield ind1="3" ind2="0" tag="246"><subfield code="a">Alameda encinal</subfield></datafield><datafield ind1=" " ind2=" " tag="260"><subfield code="a">Alameda, Calif. :</subfield><subfield code="b">F.K. Krauth</subfield></datafield><datafield ind1=" " ind2=" " tag="300"><subfield code="a">v.</subfield></datafield><datafield ind1=" " ind2=" " tag="310"><subfield code="a">Daily (except Sun.)</subfield></datafield><datafield ind1=" " ind2=" " tag="500"><subfield code="a">"Daily evening" appears above masthead ornament.</subfield></datafield><datafield ind1=" " ind2=" " tag="530"><subfield code="a">Master negatives are available for duplication from:</subfield><subfield code="b">California Newspaper Microfilm Archive;</subfield><subfield code="c">positive copies may be purchased by the reel; for further information consult the CNMA at:</subfield><subfield code="u">http://cbsr.ucr.edu</subfield></datafield><datafield ind1=" " ind2=" " tag="588"><subfield code="a">Description based on: 22nd year, no. 55 (Mar. 23, 1891) = whole no. 1256.</subfield></datafield><datafield ind1=" " ind2="0" tag="651"><subfield code="a">Alameda (Calif.)</subfield><subfield code="v">Newspapers.</subfield></datafield><datafield ind1=" " ind2="7" tag="655"><subfield code="a">Newspapers.</subfield><subfield code="2">fast</subfield><subfield code="0">(OCoLC)fst01423814</subfield></datafield><datafield ind1=" " ind2="7" tag="651"><subfield code="a">California</subfield><subfield code="z">Alameda.</subfield><subfield code="2">fast</subfield><subfield code="0">(OCoLC)fst01214323</subfield></datafield><datafield ind1=" " ind2=" " tag="752"><subfield code="a">United States</subfield><subfield code="b">California</subfield><subfield code="c">Alameda</subfield><subfield code="d">Alameda.</subfield></datafield><datafield ind1="0" ind2="0" tag="780"><subfield code="t">Semi-weekly Alameda encinal</subfield><subfield code="w">(DLC)sn 92068893</subfield></datafield><datafield ind1="0" ind2="0" tag="785"><subfield code="t">Daily encinal (Alameda, Calif. : 1903)</subfield><subfield code="w">(DLC)sn 92068445</subfield></datafield></record>